% biblio.bib

@Article{Tolani2002,
  author =       "P. Tolani and J. Haritsa",
  title =        {{XGrind: A Query-Friendly XML Compressor}},
  journal =      {Proc. of 18th IEEE Intl. Conf. on Data Engineering (ICDE)},
  month = 	 {February},
  year =         {2002},
  pages =	 {225-234}
}

@Book{BKRP,
 author    = "Brian W. Kernighan and Rob Pike",
 title     = "The Practice of Programming",
 publisher = "Addison-Wesley Professional Computing Series",
 year      =  1999,
}

@misc{Features,
  author =       {},
  title =        {{List of features in Android. Available at \\ http://en.wikipedia.org/wiki/List\_of\_features\_in\_Android. Accessed on 28th April 2013}},
  month  =       {November},
  year =         {2012},
  url = "http://en.wikipedia.org/wiki/List\_of\_features\_in\_Android"
}
